\printbibliography[type=article,title={Articles only}]
@article{pkc,
    DOI="10.1109/TIT.1976.1055638",
    journal="IEEE Transactions on Information Theory",
    volume = 22,
    year={1976},
}
@techreport{sidhspec,
    author = "Craig Costello, Luca De Feo, David Jao, Patrick Longa, Michael Naehrig and Joost Renes.",
    title ="[Supersingular Isogeny Key Encapsulation]",
    institution = "NIST"
}
@book{vamumford,
    title={Abelian Varieties},
    author={David Mumford},
    isbn={9780196352831},
    year={1971},
    publisher={Oxford University Press},
}
@online{milne,
    title={Abelian Varieties},
    author={J.S. Milne},
    url       = "https://www.jmilne.org/math/CourseNotes/av.html",
    keywoards ="abelian varieties, schemes"
}
@online{sikesite,
    author    = "Craig Costello, Luca De Feo, David Jao, Patrick Longa, Michael Naehrig and Joost Renes.",
    title     = "SIKE",
    url       = "https://sike.org/",
    keywords  = "isogenies, NIST"
}
@article{constantsidh,
    author = "Craig Costello, Partick Longa and Michael Naehrig.",
    title = "Efficient algorithms for supersingular isogeny Diffie-Hellman",
    publisher = "Springer,Berlin,Heidelberg",
    journal = "Advances in cryptology, CRYPTO 2016",
    DOI = "https://doi.org/10.1007/978-3-662-53018-4_21"
}
@article{directkeyrecovery,
    author = "Maino, L., Martindale, C., Panny, L., Pope, G., Wesolowski, B",
    title = "A direct key recovery on SIDH",
    publisher = "Springer,Cham",
    journal = "Advances in cryptology, EUROCRYPT 2023",
    DOI = "https://doi.org/10.1007/978-3-031-30589-4_16"
}
@article{knownendo,
    author = "Galbraith, S.D., Petit, C., Shani, B., Ti, Y.B. ",
    title = "On the security of Supersingular Isogeny Cryptosystems",
    publisher = "Springer,Berlin,Heidelberg",
    journal ="Advances in cryptology, ASIACRYPT 2016",
    DOI ="https://doi.org/10.1007/978-3-662-53887-6_3",
}
@misc{poke,
      author = {Andrea Basso},
      title = {{POKE}: A Framework for Efficient {PKEs}, Split {KEMs}, and {OPRFs} from Higher-dimensional Isogenies},
      howpublished = {Cryptology ePrint Archive, Paper 2024/624},
      year = {2024},
      note = {\url{https://eprint.iacr.org/2024/624}},
      url = {https://eprint.iacr.org/2024/624}
}
@misc{qfesta,
      author = {Kohei Nakagawa and Hiroshi Onuki},
      title = {{QFESTA}: Efficient Algorithms and Parameters for {FESTA} using Quaternion Algebras},
      howpublished = {Cryptology ePrint Archive, Paper 2023/1468},
      year = {2023},
      note = {\url{https://eprint.iacr.org/2023/1468}},
      url = {https://eprint.iacr.org/2023/1468}
}
@misc{festa,
      author = {Andrea Basso and Luciano Maino and Giacomo Pope},
      title = {{FESTA}: Fast Encryption from Supersingular Torsion Attacks},
      howpublished = {Cryptology ePrint Archive, Paper 2023/660},
      year = {2023},
      note = {\url{https://eprint.iacr.org/2023/660}},
      url = {https://eprint.iacr.org/2023/660}
}
@misc{theta22,
      author = {Pierrick Dartois and Luciano Maino and Giacomo Pope and Damien Robert},
      title = {An Algorithmic Approach to $(2,2)$-isogenies in the Theta Model and Applications to Isogeny-based Cryptography},
      howpublished = {Cryptology ePrint Archive, Paper 2023/1747},
      year = {2023},
      note = {\url{https://eprint.iacr.org/2023/1747}},
      url = {https://eprint.iacr.org/2023/1747}
}
@misc{castryckvercsidh,
      author = {Wouter Castryck and Thomas Decru},
      title = {An efficient key recovery attack on {SIDH}},
      howpublished = {Cryptology ePrint Archive, Paper 2022/975},
      year = {2022},
      note = {\url{https://eprint.iacr.org/2022/975}},
      url = {https://eprint.iacr.org/2022/975}
}
@misc{genlollipop,
      author = {Wouter Castryck and Frederik Vercauteren},
      title = {A polynomial-time attack on instances of M-{SIDH} and {FESTA}},
      howpublished = {Cryptology ePrint Archive, Paper 2023/1433},
      year = {2023},
      note = {\url{https://eprint.iacr.org/2023/1433}},
      url = {https://eprint.iacr.org/2023/1433}
}
@misc{radicalisog,
      author = {Wouter Castryck and Thomas Decru and Frederik Vercauteren},
      title = {Radical isogenies},
      howpublished = {Cryptology ePrint Archive, Paper 2020/1108},
      year = {2020},
      note = {\url{https://eprint.iacr.org/2020/1108}},
      url = {https://eprint.iacr.org/2020/1108}
}
@article{damien,
    author = "Damien Robert.",
    title = "Breaking SIDH in polynomial time.",
    publisher = "Springer,Cham",
    journal ="Advances in cryptology, EUROCRYPT 2023",
    DOI = "doi.org/10.1007/978-3-031-30589-4_17",
}

